@article{DBLP:journals/corr/abs-2102-12092,
  author    = {Aditya Ramesh and
               Mikhail Pavlov and
               Gabriel Goh and
               Scott Gray and
               Chelsea Voss and
               Alec Radford and
               Mark Chen and
               Ilya Sutskever},
  title     = {Zero-Shot Text-to-Image Generation},
  journal   = {CoRR},
  volume    = {abs/2102.12092},
  year      = {2021},
  url       = {https://arxiv.org/abs/2102.12092},
  eprinttype = {arXiv},
  eprint    = {2102.12092},
  timestamp = {Tue, 02 Mar 2021 12:11:01 +0100},
  biburl    = {https://dblp.org/rec/journals/corr/abs-2102-12092.bib},
  bibsource = {dblp computer science bibliography, https://dblp.org}
}

@online{DallE,
  author = {OpenAI},
  title = {Dall-E 2 OpenAI},
  year = 2022,
  url = {https://openai.com/dall-e-2/},
  urldate = {2023-02-24}
  
@misc{https://doi.org/10.48550/arxiv.2204.06125,
  doi = {10.48550/ARXIV.2204.06125},
  
  url = {https://arxiv.org/abs/2204.06125},
  
  author = {Ramesh, Aditya and Dhariwal, Prafulla and Nichol, Alex and Chu, Casey and Chen, Mark},
  
  keywords = {Computer Vision and Pattern Recognition (cs.CV), FOS: Computer and information sciences, FOS: Computer and information sciences},
  
  title = {Hierarchical Text-Conditional Image Generation with CLIP Latents},
  
  publisher = {arXiv},
  
  year = {2022},
  
  copyright = {Creative Commons Attribution 4.0 International}
}

}